@inproceedings{Collins:2002:DTM:1118693.1118694,
 author = {Collins, Michael},
 title = {Discriminative Training Methods for Hidden Markov Models: Theory and Experiments with Perceptron Algorithms},
 booktitle = {Proceedings of the ACL-02 Conference on Empirical Methods in Natural Language Processing - Volume 10},
 series = {EMNLP '02},
 year = {2002},
 pages = {1--8},
 numpages = {8},
 url = {http://dx.doi.org/10.3115/1118693.1118694},
 doi = {10.3115/1118693.1118694},
 acmid = {1118694},
 publisher = {Association for Computational Linguistics},
 address = {Stroudsburg, PA, USA},
} 

@inproceedings{Gimpel:2011:PTT:2002736.2002747,
 author = {Gimpel, Kevin and Schneider, Nathan and O'Connor, Brendan and Das, Dipanjan and Mills, Daniel and Eisenstein, Jacob and Heilman, Michael and Yogatama, Dani and Flanigan, Jeffrey and Smith, Noah A.},
 title = {Part-of-speech Tagging for Twitter: Annotation, Features, and Experiments},
 booktitle = {Proceedings of the 49th Annual Meeting of the Association for Computational Linguistics: Human Language Technologies: Short Papers - Volume 2},
 series = {HLT '11},
 year = {2011},
 isbn = {978-1-932432-88-6},
 location = {Portland, Oregon},
 pages = {42--47},
 numpages = {6},
 url = {http://dl.acm.org/citation.cfm?id=2002736.2002747},
 acmid = {2002747},
 publisher = {Association for Computational Linguistics},
 address = {Stroudsburg, PA, USA},
} 

@inproceedings{McCallum:2000:MEM:645529.658277,
 author = {McCallum, Andrew and Freitag, Dayne and Pereira, Fernando C. N.},
 title = {Maximum Entropy Markov Models for Information Extraction and Segmentation},
 booktitle = {Proceedings of the Seventeenth International Conference on Machine Learning},
 series = {ICML '00},
 year = {2000},
 isbn = {1-55860-707-2},
 pages = {591--598},
 numpages = {8},
 url = {http://dl.acm.org/citation.cfm?id=645529.658277},
 acmid = {658277},
 publisher = {Morgan Kaufmann Publishers Inc.},
 address = {San Francisco, CA, USA},
} 



